%
% data.bib
% Copyright (c) Markus Kohm, 2009
%
% This program is free software; you can redistribute it and/or modify
% it under the terms of the GNU General Public License as published by
% the Free Software Foundation; version 2 of the License.
%
% This program is distributed in the hope that it will be useful,
% but WITHOUT ANY WARRANTY; without even the implied warranty of
% MERCHANTABILITY or FITNESS FOR A PARTICULAR PURPOSE.  See the
% GNU General Public License for more details.
%
% You should have received a copy of the GNU General Public License
% along with this program; if not, write to the Free Software
% Foundation, Inc., 59 Temple Place, Suite 330, Boston, MA  02111-1307  USA
%

@Manual{ iso13818-1,
  title = 	 {Information technology --- Generic coding of moving pictures and associated audio information: Systems},
  key = 	 {iso13818-1},
  OPTauthor = 	 {},
  organization = {ISO/IEC},
  OPTaddress = 	 {},
  edition = 	 {2},
  month = 	 {12},
  year = 	 {2000},
  note = 	 {ISO/IEC 13818-1:2000(E)},
  OPTannote =    {}
}

@Manual{ iso13818-2,
  title = 	 {Information technology --- Generic coding of moving pictures and associated audio information: Video},
  key = 	 {iso13818-2},
  OPTauthor =	 {},
  organization = {ISO/IEC},
  OPTaddress = 	 {},
  OPTedition = 	 {},
  OPTmonth = 	 {},
  year = 	 {1995},
  note = 	 {ISO/IEC 13818-2:1995(E)},
  OPTannote =    {}
}

@Manual{ iso13818-3,
  title = 	 {Information technology --- Generic coding of moving pictures and associated audio information: Audio},
  key = 	 {iso13818-3},
  OPTauthor = 	 {},
  organization = {ISO/IEC},
  OPTaddress = 	 {},
  OPTedition = 	 {},
  month = 	 {11},
  year = 	 {1994},
  note = 	 {ISO/IEC 13818-3:1994(E)},
  OPTannote =    {}
}

@Manual{ iso13818-4,
  title = 	 {Information technology --- Generic coding of moving pictures and associated audio information: Conformance testing},
  key = 	 {iso13818-4},
  OPTauthor = 	 {},
  organization = {ISO/IEC},
  OPTaddress = 	 {},
  edition = 	 {1},
  month = 	 {12},
  year = 	 {1998},
  note = 	 {ISO/IEC 13818-4:2000(E)},
  OPTannote =    {}
}

